@book{theories,
	author="Lee Ellis",
	title="Theories on Rape: Inquiries into the Causes of Sexual Aggression",
	address={North Dakota},
	year="1989",
	publisher="Hemisphere Publishing Corporation",
	type={Print}
}
	
 
@book{fighting,
	editor="Maricris R. Valte",
	title="Fighting Sexual Harassment in the Bureaucracy: A Manual",
	year="2002",
	address={Manila},
	publisher="Civil Service Commission"
}
 
@article{lifetime,
	author="Coxell and Gordon",
	title="Lifetime Prevalence, Characteristics and Associated Problems of Non-consensual Sex in Men",
	journal="National Center for Biotechnology",
	month={12},
	year="1998"
}
 
@book{maleonmale,
	author= "Scarce,Michael", 
	title="Male on Male Rape: The Hidden Toll on Stigma and Shame",
	publisher="Insight Books",
	address="New York",
	year="2002"
}
 
@book{sexualassault,
	author="Schwartz, Martin and Dekeseredy, Walter",
	title="Sexual Assault on the College Campus: The Role of Peer Support",
	publisher="Sage Publications",
	address={Vancouver},
	year="1997"
}
 
@misc{boencabahug,
	author="Cabahug, Boen",
	howpublished="cbrcabahug@yahoo.com",
	title="Lawyer",
}

@article{samesex,
	author="Scarce, Michael",
	title="Same-sex rape of male college students",
	journal="Journal of American College Health",
	pages="171-173",
	volume="45",
	number="4",
	year="1997"
	}

@article{circumstances,
	author="Light, David and Monk-Turner, Elizabeth",
	title="Circumstances Surrounding Males Sexual Assault and Rape",
	journal="Journal of Interpersonal Violence",
	pages="1848-1849",
	volume="24",
	number="11",
	year="2009"}

@article{blame,
	author="Davies, Michelle and Rogers, Paul and Bates, Jo-Anne",
	title="Blame Toward Male Rape Victims in a Hypothetical Sexual Assault as a Function of Victim Sexuality and Degree of Resistance.",
	journal="Journal of Homosexuality",
	pages="533-544",
	volume="55",
	number="3",
	year="2008"}
	
@article{barriers,
	author="Sable, Marjorie and Danis, Fran and Mauzy, Denise and Gallagher, Sarah",
	title="Barriers to Reporting Sexual Assault for Women and Men",
	journal="Journal of American College Health",
	pages="157-162",
	volume="55",
	number="3",
	year="2006"}

@misc{antirapelaw,
	title="The Anti-Rape Law of 1997",
	year="1997",
	howpublished="Jan. 2010 \url{<http://www.congress.gov.ph/download/ra_10/RA08353.pdf>}"
}

@article{scotantirapelaw,
	title="Sexual Offences (Scotland) Bill",
	author="Scottish Parliamentary Corporate Body 2009",
	year="2009",
	note="Jan. 2010 \url{<http://www.scottish.parliament.uk/s3/bills/11-sexualOffences/b11bs3-aspassed.pdf>}"}

@article{britishantirapelaw,
	title="Sexual Offences Act 2003",
	author="The UK Statute Law Database",
	year="2003",
	note="Jan. 2010 \url{<http://www.statutelaw.gov.uk/content.aspx?activeTextDocId=820904>}"}
